% Exporte a citação em Bibtex/Biblatex diretamente da página da publicação. O Google Scholar já fornece em formato bibtex. Em caso de dúvidas, consulte: http://tug.ctan.org/info/biblatex-cheatsheet/biblatex-cheatsheet.pdf


@book{larson,
  title={Applied Systems Engineering},
  author={Larson, W. and Kirkpatrick, D. and Sellers, J. and Thomas, L. and Verma, D.},
  year={2009},
  publisher={McGraw-Hill Education}
}
