@misc{V2jetvanes,
  author={V2ROCKET},
  title={A-4/V-2 Makeup - Tech Data \& Markings},
  howpublished={\url{http://www.v2rocket.com/start/makeup/design.html}},
  year={2023},
  note={Acessado em 20/06/2023.}
}

@misc{RS25Gimbal,
  AUTHOR       = {VideoFromSpace},
  HOWPUBLISHED = {https://www.youtube.com/watch?v=eJTfzffUeLM},
  TITLE        = {Watch an Artemis moon rocket engine gimbal in hot fire test
},
  YEAR         = {2023},
  note         = {Acessado em 20/06/2023.}
}

@book{Sutton,
  AUTHOR         = {SUTTON, George P. and BIBLARZ, Oscar},
  EDITOR         = {John WIley & Sons},
  PUBLISHER      = {Wiley Interscience},
  TITLE          = {Rocket Propulsion Elements},
  YEAR           = {2001}
}